%! Author = Adrian Helberg
%! Date = 10.03.2020
%! Bibliography for initial presentation
@misc{lloyds,
    title = {Lloyd's Register},
    howpublished = {\url{https://www.lr.org}},
    key = {LR},
}

@misc{hanseaticsoft,
    title = {Leistungen},
    howpublished = {\url{https://hanseaticsoft.com}},
    key = {HS},
}

@misc{hanseaticsoft-contact,
    title = {Sitze},
    howpublished = {\url{https://hanseaticsoft.com/contact}},
    key = {HS-C},
}

@misc{hanseaticsoft-customers,
    title = {Kunden},
    howpublished = {\url{https://hanseaticsoft.com/customers}},
    key = {HS-Cu},
}

@misc{hanseaticsoft-solutions,
    title = {Softwarel√∂sungen},
    howpublished = {\url{https://hanseaticsoft.com/solutions}},
    key = {HS-S},
}

@misc{crewing,
    title = {Cloud Crewing},
    howpublished = {\url{https://hanseaticsoft.com/cloud-crewing/crewing}},
    key = {CC},
}