%! Author = adria
%! Date = 22/03/2021

