@article{ref_1,
    author = {Bokeloh, Martin and Wand, Michael and Seidel, Hans-Peter},
    title = {A Connection between Partial Symmetry and Inverse Procedural Modeling},
    year = {2010},
    issue_date = {July 2010},
    publisher = {Association for Computing Machinery},
    address = {New York, NY, USA},
    volume = {29},
    number = {4},
    issn = {0730-0301},
    url = {https://doi.org/10.1145/1778765.1778841},
    doi = {10.1145/1778765.1778841},
    journal = {ACM Trans. Graph.},
    month = jul,
    articleno = {104},
    numpages = {10},
    keywords = {inverse procedural modeling, modeling by example, geometry synthesis}
}

@inproceedings{ref_2,
    author = {Talton, Jerry and Yang, Lingfeng and Kumar, Ranjitha and Lim, Maxine and Goodman, Noah and M\v{e}ch, Radom\'{\i}r},
    title = {Learning Design Patterns with Bayesian Grammar Induction},
    year = {2012},
    isbn = {9781450315807},
    publisher = {Association for Computing Machinery},
    address = {New York, NY, USA},
    booktitle = {Proceedings of the 25th Annual ACM Symposium on User Interface Software and Technology},
    pages = {63â€“74},
    numpages = {12},
    keywords = {design patterns, grammar induction},
    location = {Cambridge, Massachusetts, USA},
    series = {UIST '12}
}

@article{ref_3,
    author = {Stava, Ondrej and Benes, Bedrich and Mech, Radomir and Aliaga, Daniel and Kristof, Peter},
    year = {2010},
    month = {05},
    pages = {1467-8659},
    title = {Inverse Procedural Modeling by Automatic Generation of L-systems},
    volume = {29},
    journal = {Computer Graphics Forum}
}

@article{ref_4,
    author = {Guo, Jianwei and Jiang, Haiyong and Benes, Bedrich and Deussen, Oliver and Zhang, Xiaopeng and Lischinski, Dani and Huang, Hui},
    title = {Inverse Procedural Modeling of Branching Structures by Inferring L-Systems},
    year = {2020},
    issue_date = {September 2020},
    publisher = {Association for Computing Machinery},
    address = {New York, NY, USA},
    volume = {39},
    number = {5},
    issn = {0730-0301},
    journal = {ACM Trans. Graph.},
    month = jun,
    articleno = {155},
    numpages = {13},
    keywords = {procedural generation, L-systems, grammar induction}
}