@INPROCEEDINGS{1,
    author={M. M. {Muller} and W. F. {Tichy}},
    booktitle={Proceedings of the 23rd International Conference on Software Engineering. ICSE 2001},
    title={Case study: extreme programming in a university environment},
    year={2001},
    pages={537-544},
    doi={10.1109/ICSE.2001.919128}}