@INPROCEEDINGS{muller_2001,
  author={M. M. {Muller} and W. F. {Tichy}},
  booktitle={Proceedings of the 23rd International Conference on Software Engineering. ICSE 2001},
  title={Case study: extreme programming in a university environment},
  year={2001},
  pages={537-544},
  doi={10.1109/ICSE.2001.919128}
}

@article{guo_2020,
  author = {Guo, Jianwei and Jiang, Haiyong and Benes, Bedrich and Deussen, Oliver and Zhang, Xiaopeng and Lischinski, Dani and Huang, Hui},
  title = {Inverse Procedural Modeling of Branching Structures by Inferring L-Systems},
  year = {2020},
  issue_date = {September 2020},
  publisher = {Association for Computing Machinery},
  address = {New York, NY, USA},
  volume = {39},
  number = {5},
  issn = {0730-0301},
  url = {https://doi.org/10.1145/3394105},
  doi = {10.1145/3394105},
  journal = {ACM Trans. Graph.},
  month = jun,
  articleno = {155},
  numpages = {13},
  keywords = {grammar induction, procedural generation, L-systems}
}

@article{smelik_2014,
  author = {Smelik, Ruben M. and Tutenel, Tim and Bidarra, Rafael and Benes, Bedrich},
  title = {A Survey on Procedural Modelling for Virtual Worlds},
  year = {2014},
  issue_date = {September 2014},
  publisher = {The Eurographs Association & John Wiley & Sons, Ltd.},
  address = {Chichester, GBR},
  volume = {33},
  number = {6},
  issn = {0167-7055},
  url = {https://doi.org/10.1111/cgf.12276},
  doi = {10.1111/cgf.12276},
  journal = {Comput. Graph. Forum},
  month = sep,
  pages = {31–50},
  numpages = {20},
  keywords = {Computer Graphics [I3.5]: Computational Geometry and Object Modelling-Geometric algorithms, procedural modeling methods, languages, systems, procedural content generation, virtual worlds}
}

@inproceedings{prusinkiewicz_1986,
  author = {Prusinkiewicz, P},
  title = {Graphical Applications of L-Systems},
  year = {1986},
  publisher = {Canadian Information Processing Society},
  address = {CAN},
  booktitle = {Proceedings on Graphics Interface '86/Vision Interface '86},
  pages = {247–253},
  numpages = {7},
  location = {Vancouver, British Columbia, Canada}
}

@article {lindemayer_1968,
  Title = {Mathematical models for cellular interactions in development. I. Filaments with one-sided inputs},
  Author = {Lindenmayer, A},
  DOI = {10.1016/0022-5193(68)90079-9},
  Number = {3},
  Volume = {18},
  Month = {March},
  Year = {1968},
  Journal = {Journal of theoretical biology},
  ISSN = {0022-5193},
  Pages = {280—299},
  URL = {https://doi.org/10.1016/0022-5193(68)90079-9},
}

@misc{blender,
  title = {About Blender},
  author = {Vazquez, Pablo  and Siddi, Francesco},
  howpublished = {\url{https://www.blender.org/about/}},
  year = {2017},
  note = {Blender Foundation (2002)},
}

@misc{github,
  title = {Github},
  key = {Github},
  howpublished = {\url{https://github.com/adrian-helberg/bachelor}},
  note = {GitHub, Inc. (2020)},
}

@misc{cheloniidae,
  title = {Cheloniidae 3},
  key = {cheloniidae},
  howpublished = {\url{http://spencertipping.com/cheloniidae/}},
  note = {Turtle graphics library for Java. Accessed 29.09.2020},
}

@misc{gradle,
  title = {Gradle Build Tool},
  key = {Gradle},
  howpublished = {\url{https://gradle.org/}},
  note = {Gradle Inc. 2020},
}

@misc{git,
  title = {Git - the stupid content tracker},
  key = {Git},
  howpublished = {\url{https://git-scm.com/}},
  note = {Git is a member of Software Freedom Conservancy},
}

@misc{idea,
  title = {Jetbrains IntelliJ IDEA},
  key = {idea},
  howpublished = {\url{https://www.jetbrains.com/idea/}},
  note = {Capable and Ergonomic IDE for JVM},
}

@misc{pipeline,
  title = {Pipeline Design Pattern},
  key = {pipeline},
  howpublished = {\url{https://java-design-patterns.com/patterns/pipeline/}},
  note = {Datenverarbeitung in mehreren sequenziellen Schritten},
}

@misc{trello,
  title = {Trello Board},
  key = {trello},
  howpublished = {\url{https://trello.com/}},
  note = {Trello Board, 2020 Atlassian},
}

@misc{arc42,
  title = {arc42 Softwarearchitektur-Template},
  key = {arc42},
  author = {Dr. Peter Hruschka and Dr. Gernot Starke},
  howpublished = {\url{https://arc42.de/template/}},
  note = {Pragmatisches Muster für die Erstellung, Dokumentation und Kommunikation von Software- und Systemarchitekturen},
}

@inproceedings{martinovic_2013,
  author = {Martinovic, Andelo and Van Gool, Luc},
  year = {2013},
  month = {06},
  pages = {201-208},
  title = {Bayesian Grammar Learning for Inverse Procedural Modeling},
  journal = {Proceedings / CVPR, IEEE Computer Society Conference on Computer Vision and Pattern Recognition. IEEE Computer Society Conference on Computer Vision and Pattern Recognition},
  doi = {10.1109/CVPR.2013.33}
}

@misc{ellis_2018,
  title={Learning to Infer Graphics Programs from Hand-Drawn Images},
  author={Kevin Ellis and Daniel Ritchie and Armando Solar-Lezama and Joshua B. Tenenbaum},
  year={2018},
  eprint={1707.09627},
  archivePrefix={arXiv},
  primaryClass={cs.AI}
}

@article{stava_2010,
  author = {Stava, Ondrej and Benes, Bedrich and Mech, Radomir and Aliaga, Daniel and Kristof, Peter},
  year = {2010},
  month = {05},
  pages = {1467-8659},
  title = {Inverse Procedural Modeling by Automatic Generation of L-systems},
  volume = {29},
  journal = {Computer Graphics Forum},
  doi = {10.1111/j.1467-8659.2009.01636.x}
}

@article{stava_2014,
  author = {Stava, O. and Pirk, S. and Kratt, J. and Chen, B. and Mundefinedch, R. and Deussen, O. and Benes, B.},
  title = {Inverse Procedural Modelling of Trees},
  year = {2014},
  issue_date = {September 2014},
  publisher = {The Eurographs Association & John Wiley & Sons, Ltd.},
  address = {Chichester, GBR},
  volume = {33},
  number = {6},
  issn = {0167-7055},
  url = {https://doi.org/10.1111/cgf.12282},
  doi = {10.1111/cgf.12282},
  journal = {Comput. Graph. Forum},
  month = sep,
  pages = {118–131},
  numpages = {14},
  keywords = {I.3.5 [Computer Graphics]: Computational Geometry and Object Modelling; I.3.6 [Computer Graphics]: Methodology and Techniques Interaction Techniques I.6.8 [Simulation and Modelling]: Types of Simulation Visual, mesh generation, biological modeling, natural phenomena}
}

@article{nishida_2016,
  author = {Nishida, Gen and Garcia-Dorado, Ignacio and Aliaga, Daniel G. and Benes, Bedrich and Bousseau, Adrien},
  title = {Interactive Sketching of Urban Procedural Models},
  year = {2016},
  issue_date = {July 2016},
  publisher = {Association for Computing Machinery},
  address = {New York, NY, USA},
  volume = {35},
  number = {4},
  issn = {0730-0301},
  url = {https://doi.org/10.1145/2897824.2925951},
  doi = {10.1145/2897824.2925951},
  journal = {ACM Trans. Graph.},
  month = jul,
  articleno = {130},
  numpages = {11},
  keywords = {sketching, inverse procedural modeling, machine learning}
}

@inproceedings{aliaga_2016,
  author = {Aliaga, Daniel G. and Demir, undefinedlke and Benes, Bedrich and Wand, Michael},
  title = {Inverse Procedural Modeling of 3D Models for Virtual Worlds},
  year = {2016},
  isbn = {9781450342896},
  publisher = {Association for Computing Machinery},
  address = {New York, NY, USA},
  url = {https://doi.org/10.1145/2897826.2927323},
  doi = {10.1145/2897826.2927323},
  booktitle = {ACM SIGGRAPH 2016 Courses},
  articleno = {16},
  numpages = {316},
  keywords = {similarity detection, geometry processing, generative content, shape, inverse procedural modeling, shape analysis, procedural modeling, architectural modeling, shape editing},
  location = {Anaheim, California},
  series = {SIGGRAPH '16}
}

@book{prusinkiewicz_1990,
  author = {Prusinkiewicz, P. and Lindenmayer, Aristid},
  title = {The Algorithmic Beauty of Plants},
  year = {1990},
  isbn = {0387972978},
  publisher = {Springer-Verlag},
  address = {Berlin, Heidelberg}
}

@book{deussen_2010,
  author = {Deussen, Oliver and Lintermann, Bernd},
  title = {Digital Design of Nature: Computer Generated Plants and Organics},
  year = {2010},
  isbn = {3642073638},
  publisher = {Springer Publishing Company, Incorporated},
  edition = {1st},
}

@article{alhalawani_2013,
  author = {Alhalawani, Sawsan and Yang, Yong‐Liang and Liu, Han and Mitra, Niloy},
  year = {2013},
  month = {05},
  title = {Interactive Facades Analysis and Synthesis of Semi-Regular Facades},
  volume = {32},
  journal = {Computer Graphics Forum},
  doi = {10.1111/cgf.12041}
}

@article{mueller_2006,
  author = {Müller, Pascal and Wonka, Peter and Haegler, Simon and Ulmer, Andreas and Van Gool, Luc},
  year = {2006},
  month = {07},
  pages = {614-623},
  title = {Procedural Modeling of Buildings},
  volume = {25},
  journal = {ACM Trans. Graph.},
  doi = {10.1145/1141911.1141931}
}

@inproceedings{parish_2001,
  author = {Parish, Yoav and Müller, Pascal},
  year = {2001},
  month = {08},
  pages = {301-308},
  title = {Procedural Modeling of Cities},
  volume = {2001},
  journal = {Proceedings of SIGGRAPH},
  doi = {10.1145/1185657.1185716}
}

@inproceedings{prusinkiewicz_1993,
  author = {Prusinkiewicz, Przemyslaw and Hammel, Mark and Mjolsness, Eric},
  year = {1993},
  month = {09},
  pages = {351-360},
  title = {Animation of plant development},
  volume = {27},
  journal = {Proc ACM SIGGRAPH 93 Conf Comput Graphics},
  doi = {10.1145/166117.166161}
}

@book{higuera_2010,
  author = {de la Higuera, Colin},
  title = {Grammatical Inference: Learning Automata and Grammars},
  year = {2010},
  isbn = {0521763169},
  publisher = {Cambridge University Press},
  address = {USA},
}

@inbook{mcquillan_2018,
  author = {McQuillan, Ian and Bernard, Jason and Prusinkiewicz, Przemyslaw},
  year = {2018},
  month = {01},
  pages = {117-130},
  title = {Algorithms for Inferring Context-Sensitive L-Systems},
  isbn = {978-3-319-92434-2},
  doi = {10.1007/978-3-319-92435-9_9}
}

@article{talton_2012,
  author = {Talton, Jerry and Yang, Lingfeng and Kumar, Ranjitha and Lim, Maxine and Goodman, Noah and Mech, Radomir},
  year = {2012},
  month = {10},
  title = {Learning design patterns with Bayesian grammar induction},
  isbn = {978-1-4503-1580-7},
  journal = {UIST'12 - Proceedings of the 25th Annual ACM Symposium on User Interface Software and Technology},
  doi = {10.1145/2380116.2380127}
}

@article{talton_2011,
  author = {Talton, Jerry and Lou, Yu and Duke, Jared and Lesser, Steve and Mech, Radomir and Koltun, Vladlen},
  year = {2011},
  month = {04},
  title = {Metropolis Procedural Modeling},
  volume = {30},
  journal = {ACM Transactions on Graphics},
  doi = {10.1145/1944846.1944851}
}

@article{xiao_2008,
  author = {Xiao, Jianxiong and Fang, Tian and Zhao, Peng and Ofek, Eyal and Quan, Long},
  year = {2008},
  month = {12},
  pages = {161},
  title = {Image-based Façade Modeling},
  volume = {27},
  journal = {ACM Transactions on Graphics},
  doi = {10.1145/1457515.1409114}
}

@article{benes_2011,
  author = {Benes, Bedrich and Stava, Ondrej and Mech, Radomir and Miller, Gavin},
  year = {2011},
  month = {05},
  pages = {325-334},
  title = {Guided Procedural Modeling},
  volume = {30},
  journal = {Computer Graphics Forum},
  doi = {10.1111/j.1467-8659.2011.01886.x}
}

@ARTICLE{chomsky_1956,
  author={N. {Chomsky}},
  journal={IRE Transactions on Information Theory},
  title={Three models for the description of language},
  year={1956},
  volume={2},
  number={3},
  pages={113-124},
  doi={10.1109/TIT.1956.1056813}
}