@article{1,
    author = {Smelik, Ruben M. and Tutenel, Tim and Bidarra, Rafael and Benes, Bedrich},
    title = {A Survey on Procedural Modelling for Virtual Worlds},
    year = {2014},
    issue_date = {September 2014},
    publisher = {The Eurographs Association & John Wiley & Sons, Ltd.},
    address = {Chichester, GBR},
    volume = {33},
    number = {6},
    issn = {0167-7055},
    url = {https://doi.org/10.1111/cgf.12276},
    doi = {10.1111/cgf.12276},
    journal = {Comput. Graph. Forum},
    month = sep,
    pages = {31–50},
    numpages = {20},
    keywords = {Computer Graphics [I3.5]: Computational Geometry and Object Modelling-Geometric algorithms, procedural modeling methods, languages, systems, procedural content generation, virtual worlds}
}

@article {2,
    Title = {Mathematical models for cellular interactions in development. I. Filaments with one-sided inputs},
    Author = {Lindenmayer, A},
    DOI = {10.1016/0022-5193(68)90079-9},
    Number = {3},
    Volume = {18},
    Month = {March},
    Year = {1968},
    Journal = {Journal of theoretical biology},
    ISSN = {0022-5193},
    Pages = {280—299},
    URL = {https://doi.org/10.1016/0022-5193(68)90079-9},
}

@inbook{3,
    author = {McQuillan, Ian and Bernard, Jason and Prusinkiewicz, Przemyslaw},
    year = {2018},
    month = {01},
    pages = {117-130},
    title = {Algorithms for Inferring Context-Sensitive L-Systems},
    isbn = {978-3-319-92434-2},
    doi = {10.1007/978-3-319-92435-9_9}
}

@inproceedings{4,
    author = {Aliaga, Daniel G. and Demir, Ilke and Benes, Bedrich and Wand, Michael},
    title = {Inverse Procedural Modeling of 3D Models for Virtual Worlds},
    year = {2016},
    isbn = {9781450342896},
    publisher = {Association for Computing Machinery},
    address = {New York, NY, USA},
    url = {https://doi.org/10.1145/2897826.2927323},
    doi = {10.1145/2897826.2927323},
    booktitle = {ACM SIGGRAPH 2016 Courses},
    articleno = {16},
    numpages = {316},
    keywords = {inverse procedural modeling, geometry processing, generative content, similarity detection, architectural modeling, shape editing, shape analysis, shape, procedural modeling},
    location = {Anaheim, California},
    series = {SIGGRAPH '16}
}

@inproceedings{5,
    author = {Prusinkiewicz, P},
    title = {Graphical Applications of L-Systems},
    year = {1986},
    publisher = {Canadian Information Processing Society},
    address = {CAN},
    booktitle = {Proceedings on Graphics Interface '86/Vision Interface '86},
    pages = {247–253},
    numpages = {7},
    location = {Vancouver, British Columbia, Canada}
}

@misc{blender,
    title = {About Blender},
    author = {Vazquez, Pablo  and Siddi, Francesco},
    howpublished = {\url{https://www.blender.org/about/}},
    year = {2017},
    note = {Blender Foundation (2002)},
}

@misc{github,
    title = {Github},
    key = {Github},
    howpublished = {\url{https://github.com/adrian-helberg/bachelor}},
    note = {GitHub, Inc. (2020)},
}