%! Author = Adrian Helberg
%! Date = 21.09.2020

